2954 4272
292 255 606 362 ‘ELEMENTA
630 259 975 334 GEOMETRIAE.
1038 268 1081 356 ιγ’
1136 275 1139 281 “
1215 259 1218 264 ’

187 364 288 436 tione
323 358 486 436 methodi
513 357 753 454 hujuscemodi
779 359 910 456 figuras
938 361 1131 442 efformata-

187 461 224 536 di
249 473 263 548 <
285 463 380 560 quod
407 481 528 536 tamen
563 461 725 558 Algebra
751 457 856 556 facile
892 461 1132 560 assequitur)
1211 517 1241 529 .-

186 562 388 638 revocanda
415 565 489 636 erit
514 563 715 656 l’entagoni
742 557 931 657 descriptio
954 562 998 637 ad
1017 567 1132 638 alium

187 660 406 748 tradiatum,
434 663 497 735 ubi
524 661 718 757 descriptio
739 685 878 760 quoque
890 665 1057 739 tradetur
1076 689 1133 736 ce·
1153 721 1154 724 ,

186 787 350 841 terorum
368 763 630 856 poligonorum
651 785 724 859 quae
745 766 880 854 majori
897 767 1052 848 laterum
1065 791 1134 846 nu-

187 890 291 941 meto
311 857 502 962 compasta
521 860 625 953 sunt,
651 870 684 935 δι
698 886 771 960 quae
789 857 859 937 stne
880 866 1132 962 Algebrasub·

187 965 275 1040 sidio
297 963 517 1059 geometrice
537 962 689 1037 describi
708 989 783 1037 non
806 961 963 1060 possent.

237 1067 290 1136 Ex
308 1063 491 1160 poligonis
510 1088 584 1161 quae
595 1066 749 1161 quinque
763 1069 921 1139 laterum
934 1089 1136 1140 numerum.

186 1161 383 1245 excedunt,
409 1170 444 1234 δι
469 1166 609 1237 nonnifi
635 1189 677 1236 ex
701 1165 1062 1262 algebraicocalculo
1073 1165 1133 1239 de-

111 1305 117 1368 ι
186 1263 293 1339 scribi
318 1259 482 1360 possunt,
508 1291 552 1341 ea
579 1267 698 1360 excipi
710 1266 842 1340 debent
865 1291 936 1364 qua
948 1267 1028 1352 sex,
1058 1290 1128 1350 12,

186 1389 264 1460 24,
298 1368 383 1459 48,
418 1367 537 1451 &8,
569 1367 634 1450 ro,
663 1389 727 1461 32,
755 1387 819 1440 aut
845 1368 897 1458 64
922 1369 1039 1440 latera
1065 1365 1129 1445 ha-

185 1465 294 1549 bent,
320 1488 404 1538 cum
426 1462 601 1540 facillime
622 1493 668 1542 eu
684 1467 900 1541 elementari
923 1469 1127 1563 geometria
1213 1505 1217 1524 ·

183 1564 451 1652 describantur,
478 1588 519 1642 ut
545 1569 587 1640 in
611 1570 711 1642 calce
735 1567 838 1657 hujus
863 1567 986 1664 prime
1011 1568 1127 1662 partis

180 1666 413 1751 ostendetur.
871 1707 874 1714 ·
1114 1703 1121 1718 ν

581 1877 721 1952 XXV.

125 2052 155 2091 s
230 2077 285 2148 m
304 2091 479 2168 agmmm-
489 2070 718 2147 dimensionis
727 2047 985 2147 sermo'redeat
998 2120 1018 2156 s
1034 2093 1118 2146 mm
1125 2117 1242 2196 figam

179 2176 260 2270 agri
293 2170 378 2268 sepae
402 2194 556 2248 numero
581 2175 610 2245 ii
634 2172 702 2245 fint
721 2175 782 2270 qui
805 2193 870 2267 pet
893 2175 1124 2266 operationes

178 2299 223 2346 cx
251 2270 531 2369 praecedentibus
552 2271 732 2350 methodis
754 2271 937 2348 institutas
959 2271 1124 2352 dimetiri

180 2371 432 2470 nonpossint.

229 2479 308 2548 Fae
334 2477 540 2548 ABCDE
575 2473 642 2548 esse
678 2499 808 2572 agrum
836 2495 902 2546 aut
927 2475 1124 2552 circuitum

180 2571 357 2670 quendam
390 2571 680 2650 dimetiendum·
711 2572 988 2648 Procedentibus
1015 2575 1124 2648 lnhae-

179 2671 295 2748 tendo
314 2669 547 2748 dividendum
569 2673 654 2760 eslet
680 2676 883 2770 AXBCDE
910 2674 1124 2772 inttiangu-

181 2777 217 2854 la
243 2775 391 2862 ABG,
427 2777 573 2858 ACD,
602 2777 743 2859 ADE,
770 2772 1125 2872 quedeindedustis

176 2871 654 2972 ·perpend1·cu12rlbnsEF,‘
676 2880 786 2960 CH,
812 2878 887 2966 BG
916 2875 1040 2948 metiri
1066 2874 1126 2949 de,

181 2977 338 3050 berent.
374 2981 515 3050 Verum
549 2975 574 3049 fi
601 2978 639 3049 in
665 2974 787 3050 medio
813 2978 1017 3049 ABCDAE
1039 3000 1126 3073 ,pro-

180 3067 261 3170 pter
288 3089 484 3176 aggerem,
509 3076 670 3174 sylvam,
697 3097 761 3151 aut
787 3078 907 3151 lacum
929 3078 1029 3149 lineae
1053 3103 1125 3175 quae

182 3175 378 3252 necessaria
403 3176 483 3252 sunt
508 3175 599 3251 duci«
617 3202 689 3251 non
713 3197 906 3273 poterunt,
943 3174 1029 3274 quid
1053 3181 1124 3252 erit

60 3329 63 3339 .
183 3276 577 3376 agendumlquomodo
602 3270 673 3362 hoc
698 3275 974 3353 incommodum
986 3276 1124 3352 auferri

182 3375 342 3470 poterit?
367 3382 537 3454 Occurrit
560 3382 682 3475 primo
706 3378 726 3452 s
744 3381 862 3454 atium
889 3377 1036 3478 aliquod
1057 3377 1125 3451 else

183 3471 428 3570 seligendum,
448 3482 569 3578 inquo
589 3478 699 3554 facile
709 3403 860 3554 discribi
872 3478 1125 3574 poslinttrian·

183 3577 271 3672 gula
308 3577 456 3676 aqualia
477 3623 495 3666 ‚‚
523 3601 566 3677 ac
599 3582 730 3680 fimilia
767 3581 957 3676 triangulis
984 3581 1123 3666 ABG„
1260 3618 1263 3630 ›
