2956 4270
437 267 507 343 us
598 255 602 266 ’
658 255 709 324 D..
735 242 1064 322 CLAIRAUT
1334 307 1360 324 ,-

279 381 283 390 “
383 375 508 444 lorum
534 358 674 456 aqualis
702 351 751 425 est
778 343 965 424 altitudini
984 353 1025 418 tA
1047 346 1109 416 Βζ
1150 343 1248 436 Ergo
1274 337 1340 413 eoi

386 497 470 544 rum
497 457 661 538 mensura
688 454 759 526 etit
785 442 1006 544 produdlum
1030 440 1234 517 altitudinis
1261 446 1340 512 AB
1415 497 1420 504 .

386 575 426 647 in
450 570 629 642 summam
655 555 822 629 omnium
850 547 1012 631 basium,
1040 541 1106 614 hoc
1131 541 1180 615 est
1202 543 1241 612 in
1260 565 1344 614 am.

319 722 321 726 v
387 673 508 748 bitum
534 659 701 763 poligoni
727 650 891 745 inscripti
927 645 1067 718 circulo
1103 645 1246 725 DEF,
1282 641 1345 718 vel

280 791 285 799 ’
388 774 532 850 ABC.

439 869 511 946 Sed
529 867 632 943 sicuti
656 880 727 956 quo
751 857 857 950 plura
884 866 990 921 erunt
1015 843 1190 939 poligoni
1215 843 1354 927 latera,

388 997 435 1047 eo
462 972 577 1066 magis
604 964 708 1058 ipsius
734 953 892 1028 ambitus
920 943 1068 1020 accedet
1095 941 1356 1016 ad'circumf·
1389 1032 1392 1037 ἱ

388 1075 613 1152 tentiam‚&
639 1048 840 1152 superficies
865 1046 1047 1144 prismatis
1068 1041 1113 1115 ad
1124 1043 1359 1137 superficiem

388 1165 574 1270 cylindri,
601 1165 655 1236 ita
682 1159 706 1230 fi
732 1155 951 1250 poligonum
979 1149 1018 1217 in
1045 1141 1196 1216 infinita
1233 1147 1356 1218 latera

389 1265 545 1344 divisum
571 1259 826 1355 concipiatur,
851 1249 983 1346 prisma
1009 1243 1107 1318 idem
1134 1245 1211 1314 erit
1231 1268 1313 1318 acc
1340 1285 1359 1306 .

390 1365 547 1445 lindtus.
574 1371 670 1460 Ergo
697 1381 808 1432 curva
834 1347 1032 1446 superficies
1058 1343 1220 1441 cylindri
1259 1271 1356 1418 redi

388 1469 532 1572 aqualis
559 1469 630 1544 erit
648 1457 881 1554 rediangum,
907 1441 1174 1546 cujusalntudo
1188 1445 1234 1518 fit
1247 1450 1281 1520 A
1295 1449 1353 1527 D,

389 1583 425 1646 &
461 1573 549 1646 balis
587 1569 684 1641 linea
720 1557 821 1634 recta
858 1553 1001 1652 aqualis
1046 1542 1353 1622 circumferentia

389 1677 517 1750 DEF.
552 1741 553 1746 ,
1040 1658 1065 1725 'l

442 1779 521 1846 Hac
547 1767 791 1867 propositione
827 1755 973 1858 quisque
1009 1752 1118 1846 plane
1145 1741 1352 1844 adsequetur

370 1894 567 1974 .quantnm
593 1869 706 1968 panni
731 1887 818 1958 opus
844 1861 887 1932 stt
914 1851 959 1932 ad
983 1845 1350 1924 circumvestiendam

389 1979 602 2048 columnam
629 1966 902 2067 cylindricam,
940 1957 998 2029 vel
1025 1955 1213 2028 internam
1242 1949 1352 2050 ipsius

390 2073 614 2172 superficiem
642 2060 911 2146 exornanda-m.
1287 2093 1290 2098 -
1339 2081 1355 2132 ᾗ

688 2221 690 2226 ’
751 2256 969 2332 xivirr.

433 2467 652 2571 ‘superficies
678 2479 802 2536 autem
828 2449 985 2554 cylindri
1010 2448 1153 2545 obliqui
1188 2469 1263 2520 non
1289 2471 1354 2521 eo.

389 2575 474 2654 dem
502 2567 611 2653 modo
638 2556 837 2656 mensurati
863 2551 998 2649 potest,
1023 2574 1108 2624 cum
1128 2547 1248 2644 figura
1269 2550 1353 2642 ipsis

379 2677 571 2772 inscripta
600 2690 673 2740 non
700 2657 914 2754 reclangula
941 2654 1037 2735 sint,
1064 2649 1123 2725 led
1148 2652 1351 2743 parallelo-

286 2791 289 2796 '
317 2810 319 2816 ·
389 2795 561 2873 ‘gramma
588 2763 727 2839 diversa
752 2754 957 2836 altitudinis
979 2803 989 2822 .
1015 2754 1129 2844 Hujus
1150 2745 1349 2842 superficiei

281 2867 301 2882 ”
391 2871 578 2949 mensura,
605 2888 678 2939 non
705 2854 832 2934 exadla
858 2852 1002 2951 quidem
1028 2850 1086 2934 sed
1104 2850 1272 2945 proxima
1295 2845 1310 2914 l
1336 2883 1352 2902 .

393 2978 472 3047 lum
498 2951 639 3042 nonnisi
667 2957 873 3038 dificillima
911 2951 1085 3026 methodo
1123 2948 1351 3024 invenitur„

395 3083 512 3186 Porro
537 3067 575 3142 id
599 3085 711 3162 genus
735 3055 964 3163 problpmata
991 3051 1038 3135 ad
1065 3053 1247 3130 elementa
1274 3067 1351 3124 non

390 3188 601 3278 perttnentg
