2954 4304
1051 105 1062 142 l

440 261 512 337 1¹26
602 312 604 316 .
693 254 746 333 D.
771 249 1106 332 CLAIRAUT

396 363 439 438 M
460 387 493 434 m
511 365 568 445 R,
595 365 629 431 δι
656 363 762 432 KIC
789 360 921 432 lirnilia
948 383 1053 433 erunt
1077 411 1087 442 ,
1112 377 1197 432 cum
1224 360 1363 456 anguli.

396 465 492 540 R&
517 467 536 532 I
561 460 628 533 fint
656 457 773 543 refli,
800 461 977 555 &anguli
997 483 1027 529 m
1049 463 1151 543 MR,
1179 464 1291 533 IKC
1312 486 1354 532 κ·

393 567 538 660 quales,
564 562 648 659 quia
672 585 704 631 m
726 565 812 636 MR
841 583 912 633 una
939 581 1021 632 cum
1049 565 1087 630 M
1107 585 1137 628 m
1158 564 1191 634 R
1217 563 1347 658 aquali

391 653 531 761 angulo
557 667 673 736 Mlti
697 659 809 732 efficit
835 685 950 733 unum
976 655 1135 740 redium,
1162 684 1268 757 quem
1294 657 1344 733 ef·

392 761 472 838 ficit
498 786 638 861 quoque
666 765 781 834 IKC1
797 761 898 833 fimul
926 784 1008 833 cum
1036 765 1173 832 MKI.

443 865 539 938 Hinc
565 858 731 938 concludi
755 864 893 957 poterit
920 864 996 932 ΚΟ
1035 856 1100 930 elle
1137 859 1182 934 ad
1209 865 1269 932 KI
1306 881 1348 934 ut

392 969 434 1042 M
455 990 487 1036 m
527 964 573 1039 ad
602 965 718 1045 MR,
752 962 820 1034 hoc
851 959 900 1033 est
934 963 1030 1034 MR
1067 957 1134 1031 else
1177 981 1345 1058 quartam

392 1064 707 1162 proportionalem
739 1064 949 1158 quaefitam,
987 1060 1057 1132 five
1092 1057 1348 1156 rellangulum

391 1189 436 1237 ex
463 1167 537 1237 KC
559 1164 598 1234 in
628 1165 714 1236 MR
740 1167 795 1236 vel
818 1169 888 1257 Pp
917 1162 1049 1258 aequale
1068 1158 1134 1232 elle
1152 1159 1347 1258 reflangu-

390 1266 431 1337 lo
455 1287 498 1335 ex
521 1263 663 1336 Mmin
692 1267 807 1335 ΚΙ.·

438 1359 504 1438 Sed
528 1365 703 1460 quoniam
718 1363 971 1462 tetrangulum
994 1360 1086 1460 quod
1114 1384 1347 1438 commutari·
1459 1349 1475 1394 .·

385 1460 476 1538 'dum
503 1459 574 1538 fuit
598 1487 675 1537 non
696 1465 745 1539 est
778 1462 1028 1562 reflangulum
1048 1491 1091 1536 ex
1114 1470 1153 1537 M
1172 1489 1203 1534 m
1222 1465 1262 1535 in
1286 1473 1347 1538 ΚΙ

278 1557 280 1568 ⁴
391 1563 453 1642 fed
478 1591 521 1638 ex
551 1571 633 1638 Mm
663 1566 701 1636 in
733 1563 1066 1641 circumferentiam
1097 1568 1193 1654 cujus
1223 1563 1344 1638 radius

390 1665 435 1738 fit
473 1670 579 1749 KI,
613 1663 755 1740 adverti
793 1666 898 1740 debet
935 1663 1274 1749 circumferentias,
1301 1688 1343 1741 ut

390 1761 677 1840 demonstratum
723 1765 834 1852 fuit,
878 1764 945 1841 elle
989 1768 1085 1837 inter
1135 1766 1167 1840 le
1212 1787 1252 1839 ut
1286 1791 1345 1843 ra-

389 1865 501 1942 dios.
534 1872 766 1968 Quapropter
803 1893 846 1941 ex
881 1869 1086 1968 aequalitate
1112 1865 1344 1966 reflangulo-

383 1989 543 2061 rumex
570 1975 659 2041 Mm
684 1972 826 2056 inKI,
852 1977 885 2042 &
911 1997 953 2044 ex
985 1971 1107 2063 Ppin
1131 1974 1207 2043 CK
1234 1967 1345 2046 dedu-

388 2069 485 2140 citur
509 2073 693 2164 aequalitas
714 2070 918 2167 reflanguli
947 2095 989 2141 ex
1010 2075 1048 2140 M
1071 2094 1103 2138 m
1125 2074 1164 2142 in
1185 2071 1344 2144 circum-

388 2163 584 2238 ferentiam
609 2168 704 2239 radii
730 2175 793 2238 KI
817 2167 863 2239 ad
889 2166 1194 2258 reflangulumex
1215 2176 1277 2262 Pp
1302 2172 1342 2243 in

388 2260 724 2339 circumferentiam
753 2263 846 2338 radii
869 2269 902 2338 C
927 2273 958 2336 K
986 2311 996 2330 .
1034 2267 1069 2335 Si
1100 2267 1198 2336 enim
1242 2264 1340 2341 bafer

389 2363 545 2439 duorum
583 2362 876 2462 redlangulorum
908 2365 1096 2461 aequalium
1130 2370 1343 2461 proportio-

390 2468 523 2539 naliter
549 2488 771 2564 augeantur,
796 2464 937 2539 servata
969 2463 1096 2541 eadem
1123 2466 1340 2557 altitudine,

389 2562 601 2666 reflangula
628 2588 817 2646 remanent
835 2567 1008 2666 aequrlia.

783 2773 942 2845 LXIV.

390 2999 396 3010 ·
438 2971 536 3044 Cum
556 2973 595 3044 in
608 2970 743 3046 duobus
761 2973 1038 3070 praecedentibus
1055 2977 1217 3046 articulis
1236 2994 1337 3047 conr-

389 3087 532 3165 pertum
558 3073 601 3146 fit
626 3097 751 3146 omnes
777 3074 974 3171 superficies
1006 3077 1149 3146 conicas
1185 3074 1334 3149 obtrun-

388 3191 489 3244 catas
516 3179 626 3245 utV:
646 3184 660 3258 (
681 3172 741 3271 fig.
755 3175 816 3272 36.
840 3177 915 3249 tab·
928 3176 1144 3270 5.)aequales
1163 3173 1229 3248 effe
1251 3198 1335 3250 om-

387 3270 492 3344 nibus
513 3271 729 3372 reflangulis
750 3297 901 3372 quorum
922 3274 1091 3346 omnium
1104 3268 1271 3350 ¹altitudo
1289 3279 1338 3352 lit

387 3369 512 3446 eadem
535 3371 633 3449 recta
657 3379 798 3472 aqualis
819 3372 1115 3448 circumferentia
1149 3381 1246 3464 cujus
1274 3401 1335 3470 ra-

388 3469 466 3546 dius
484 3472 534 3546 est
553 3479 650 3558 KC,
676 3484 710 3548 δι
738 3476 825 3551 bafis
852 3477 895 3549 fit
915 3478 1042 3573 exigua
1066 3471 1164 3551 retia
1186 3489 1244 3574 Pp
1261 3477 1332 3550 ref*

385 3572 544 3666 pondens
569 3579 696 3678 cuique
718 3579 827 3656 lateri
858 3585 898 3654 M
917 3603 981 3662 tus
1013 3580 1207 3654 innotescit
1234 3577 1331 3654 lum-

440 3727 444 3735 ·
1182 3700 1280 3757 mam
