2956 4270
164 182 166 188 '
237 221 893 303 ·ELEMENTA·GEOMETR1AE.
971 245 1020 319 99
1166 182 1171 196 ’
1295 173 1304 226 ²
1379 211 1381 216 ·

174 329 293 428 Igitur
317 330 342 402 fi
366 353 388 403 a
413 332 523 424 plano
547 331 579 398 X
606 348 675 397 tres
701 328 845 421 aequales
879 322 1071 422 perpendi-

121 436 258 506 culares
283 422 589 504 nonindtretlum
609 427 841 511 excitentur,
863 429 1011 522 planum
1034 425 1072 504 Υ,

123 533 216 627 quod
242 533 315 606 tria
339 525 472 622 puniia
498 527 544 608 F,
570 529 633 612 B,
671 529 708 600 G
744 529 885 626 tangit,
910 526 983 600 erit
1007 547 1071 622 pa·-

119 636 288 708 rallelunr
314 633 424 724 plano
450 630 506 698 X.

550 831 680 936 ner.¹

143 1029 255 1105 Unius
272 1026 377 1125 pinni
398 1025 445 1099 nd
468 1029 612 1103 alterum
635 1029 880 1105 inclinationem
898 1031 1031 1104 metiri.
1091 1055 1095 1063 ·
1145 1038 1148 1052 ¹

165 1233 202 1308 Si
233 1227 304 1304 duo
340 1233 450 1326 plana
485 1253 558 1304 non
591 1231 660 1303 fint
697 1233 855 1306 invIeem
891 1234 1065 1327 parallela

64 1384 67 1387 -
119 1356 189 1430 ope
217 1326 369 1434 ejusdem
395 1326 598 1429 reilanguli
623 1327 710 1402 flexi
736 1331 844 1407 facile
878 1331 1067 1428 cognosce·
1112 1371 1113 1376 =

117 1455 178 1507 tur
204 1433 356 1529 angulus
389 1431 486 1520 inter
522 1430 594 1526 ipsa
628 1431 931 1528 comprehensus.
967 1434 1066 1504 Nam

114 1534 299 1628 applicata
324 1533 434 1626 pleno
452 1537 485 1604 X
510 1534 688 1606 alterutra
723 1533 822 1629 hujus
860 1523 1134 1628 reclangunfns
1154 1543 1182 1592 ⁹·

114 1656 219 1728 parte
249 1633 435 1714 ABGD‚
462 1635 614 1727 angulus
641 1633 762 1708 ΕΑΒ
789 1685 798 1719 ,
826 1634 895 1706 five
917 1634 1067 1728 angulus
1083 1597 1183 1667 Tm·
1225 1655 1228 1660 ¹

84 1791 90 1800 .
116 1731 300 1825 FBGipfi
312 1733 452 1828 aequalis
479 1733 652 1805 metietur
677 1734 959 1828 inclinationem
981 1734 1063 1826 pla·

117 1833 157 1904 ni
179 1833 331 1903 EABF
356 1831 458 1924 super
483 1833 631 1926 planur'n
658 1827 832 1906 DABG
855 1883 864 1901 .
890 1829 1066 1931 Qraresr

117 1929 363 2004 confideretur
388 1936 460 2003 AB
487 1927 553 2004 elle
579 1945 812 2015 communem
832 1932 963 2006 horum
985 1934 1068 2026 pla-

118 2053 250 2103 norum
277 2026 493 2116 senionem,
519 2040 553 2104 &
579 2034 691 2105 lineas
716 2035 809 2119 EA,
834 2042 868 2106 &
893 2037 972 2104 AD
999 2028 1068 2102 elle

116 2127 427 2226 perpendiculares
450 2130 498 2206 ad
521 2140 556 2204 A
570 2131 621 2216 B'‚
646 2130 791 2232 sequens
827 2133 954 2234 regula
980 2129 1069 2206 laci·

117 2233 150 2304 le
177 2229 390 2306 deducitur.
947 2313 950 2320 ¹

167 2334 275 2406 Datis
302 2331 438 2409 duobus
464 2335 663 2428 planienon
676 2336 877 2429 parallelis,
890 2335 1011 2427 primo
1023 2334 1068 2424 li-

122 2455 191 2505 nca
217 2429 316 2503 resta
339 2434 558 2508 invenienda
570 2433 620 2506 est
640 2457 712 2527 quar
726 2435 768 2505 fit
780 2432 984 2507 communis
1006 2453 1069 2500 eo·

123 2551 208 2604 rum
232 2528 361 2602 festio.
387 2531 528 2604 Deinde
555 2533 580 2602 li
618 2555 661 2600 ex
686 2553 908 2628 quocumque
933 2523 1069 2623 pundio

122 2631 223 2720 liujus
247 2626 351 2704 restae
377 2631 579 2703 excitentur
614 2627 687 2703 duae
722 2629 1030 2726 perpendiculares
1058 2632 1088 2714 ς’

123 2753 278 2830 quarum
303 2755 375 2807 una
401 2733 439 2803 in
465 2752 557 2813 uno,
585 2731 700 2805 altera
728 2734 766 2804 in
788 2735 912 2806 ‘altero
936 2729 1070 2805 existat
1117 2731 1120 2740 “

123 2837 255 2928 planu,
279 2833 428 2929 angulus
454 2855 558 2927 quern
583 2829 892 2926 perpendiculares
925 2832 1071 2906 interci·

124 2936 265 3040 pient,
301 2936 474 3008 metietur
504 2933 681 3028 angulum
720 2958 742 3010 a
773 2934 911 3012 duobus
952 2932 1071 3030 planis

125 3032 443 3129 comprehensum.

530 3239 664 3310 XIII.

176 3379 288 3453 Unius
309 3385 399 3456 rena·
418 3381 463 3456 ad
480 3383 620 3476 planum
640 3385 885 3462 inclinationem
903 3382 1016 3456 metiri
1026 3430 1037 3450 .

178 3535 293 3609 Sicuti
318 3528 425 3611 facile
449 3533 642 3612 innotescit
667 3533 751 3708 (gem
779 3536 923 3606 llBFE
949 3553 1074 3604 move·

686 3667 692 3677 ·‘
759 3655 782 3707 a
965 3651 1024 3704 rur
