2954 4304
272 245 561 326 eramenta
583 207 919 325 prorutum.
987 274 1034 348 9,

198 353 257 428 Ut
282 354 324 429 de
342 352 463 452 figuris
483 355 582 425 trina
592 347 817 426 dimenfionis
826 348 952 422 eodem
970 347 1089 425 omni*

152 475 202 527 no
227 454 337 529 modo
365 473 526 550 agatur,
563 473 606 522 ac
631 443 673 518 de
706 451 831 520 ceteris
858 445 978 524 actum
1005 450 1088 534 est,

150 557 272 650 primo
293 544 539 646 investiganda
568 565 674 620 erunt
693 545 805 622 solida
830 551 945 642 planis
966 551 1090 652 tetmi·

150 677 258 731 nata.

197 756 285 828 Non
310 753 380 822 etit
400 764 522 820 autem
543 769 607 821 cut
638 745 680 822 ele
711 745 936 823 dimetiendis
961 750 1094 826 horum

149 872 343 948 corporum
363 843 612 942 superficiebus
634 847 749 921 sermo
767 847 943 923 habeatur
967 899 978 932 ‚
1011 874 1096 934 cum

147 947 288 1030 nonnifi
312 943 509 1051 figuratum
534 945 805 1022 rettiltnearum
826 948 1101 1046 compofitiones

151 1055 240 1132 fint,
265 1047 578 1147 &consequenter
613 1049 821 1124 eorumdem
856 1049 1029 1124 dimensio
1053 1074 1097 1122 en
1127 1109 1130 1116 .

149 1151 194 1222 iis
220 1148 436 1244 dependeat,
461 1173 534 1248 quae
554 1147 797 1225 demonstrata
821 1148 900 1224 sunt
921 1153 960 1224 in
976 1152 1099 1247 prima

149 1269 277 1349 parte·
697 1273 699 1278 ·

607 1359 639 1424 Ι.

197 1503 327 1623 ῦιιόωΙ
345 1547 394 1652 est
422 1551 568 1648 solidum
595 1547 660 1651 sex
691 1546 864 1646 quadratis
886 1548 1044 1622 termina·

296 1667 368 1722 trem
387 1702 397 1736 ‚
413 1654 471 1729 (9*
494 1653 544 1752 est
570 1653 746 1725 communis
764 1647 945 1750 solidorum

543 1749 720 1851 mensura.

139 1954 143 1961 '
199 1948 389 2022 Naturalis
415 1950 569 2024 rationis
581 1951 705 2020 lumen
716 1949 820 2024 docet
833 1970 990 2046 corpora
1012 1951 1094 2022 οιη-Ι

150 2047 235 2134 nia,
262 2068 302 2121 ut
326 2049 484 2145 ipsorum
508 2046 667 2124 soliditas
689 2047 920 2137 dimetiatur,
945 2046 991 2125 ad
1009 2049 1094 2122 srm-

149 2148 391 2244 pliciffimum-
406 2150 560 2226 solidum
585 2146 771 2226 referenda
799 2146 896 2237 elle,
920 2147 1023 2226 ficuti
1048 2145 1096 2226 ad

148 2247 366 2346 quadratum
391 2250 588 2351 superficies
612 2274 737 2324 omnes
755 2249 977 2326 referuntur.
1003 2253 1097 2327 Soli·

148 2349 235 2424 dum
255 2374 377 2427 aurem
402 2357 567 2429 omnium
585 2351 880 2448 fimpliciffimum
892 2353 1028 2426 'Cubus
1046 2349 1097 2421 est

172 2453 210 2521 ui
231 2451 327 2522 inter
349 2451 567 2526 solidatum
584 2451 729 2524 obtinet
747 2455 889 2530 locum,
915 2451 978 2542 qui
1010 2467 1100 2542 qua·

148 2473 252 2617 Erato
270 2550 367 2618 inter
392 2548 590 2640 lupetficies
616 2547 823 2618 tribuitur:
850 2544 905 2614 est‘
926 2543 1096 2616 videlicet

84 2705 93 2719 s
147 2644 304 2741 spatium
330 2665 371 2716 ut
396 2641 647 2737 abtdefgb,
672 2645 769 2730 cujus
799 2639 1021 2739 longitudo,
1046 2645 1097 2715 la·

149 2744 295 2830 titudo,
318 2750 353 2816 δι
376 2742 600 2840 profunditas
619 2741 766 2838 aequales
784 2740 886 2826 sunt3
911 2741 982 2818 five
1001 2736 1099 2844 quod

151 2844 249 2922 idem
269 2844 341 2932 est,
366 2845 482 2944 figura
498 2842 556 2918 sert
574 2839 756 2942 quadratis
787 2845 979 2944 aqualibus
998 2869 1099 2937 com-¹,

151 2946 344 3042 prehensa.

203 3057 309 3124 Latus
335 3051 466 3124 horum
491 3046 753 3146 quadratorum
781 3051 878 3124 latus
896 3049 1000 3124 Cubi
1035 3063 1103 3151 api

151 3149 328 3239 pellatur.
788 3192 791 3208 ·
967 3207 972 3215 «
1074 3206 1077 3212 ·

145 3285 150 3292 ·
203 3249 263 3340 Pet
281 3254 426 3328 cubicus
451 3251 585 3326 cubum
605 3237 911 3351 fignificancnjus
933 3253 1026 3330 latus
1050 3253 1101 3326 est

145 3346 256 3418 ‘unius
280 3352 499 3443 pedis‚item
519 3353 654 3449 digitus
673 3351 816 3428 cubicus
838 3351 908 3437 est,
934 3359 1031 3444 cujus
1048 3355 1101 3426 la-

156 3467 210 3521 tus
237 3467 311 3532 uno
330 3453 450 3550 digito
473 3456 646 3530 metitur.

992 3657 1052 3730 11.
