2954 4304
251 233 541 320 transuta
564 189 907 314 orourrrm:
976 247 1028 324 „rs

552 445 586 512 X
598 443 616 510 Ι
626 441 673 510 Χ.

182 592 342 742 Tangeris
374 636 423 735 est
449 606 742 733 perpendicularis
777 629 937 715 diametro
967 659 1032 740 per

313 736 473 837 pendium
496 737 660 810 conradus
686 737 896 836 transeunti.

174 947 340 1036 Princeps
363 941 545 1038 tangentis
557 941 758 1035 proprietas
781 939 833 1012 cst
857 951 911 1026 un
923 944 962 1016 in
988 963 1200 1041 quo-figam

126 1065 279 1138 cumque
305 1031 440 1136 punslo
464 1045 494 1112 B
519 1041 697 1112 circulum
724 1059 872 1137 tangar,
896 1029 940 1115 sit
966 1040 1198 1117 neces-Talm-

128 1138 221 1216 sarlo
246 1137 553 1235 perpendicularis
577 1139 759 1214 diametro
795 1145 896 1215 IDB
918 1165 982 1238 per
1008 1143 1081 1220 hoc

13 1253 15 1302 Ὺ
128 1237 303 1338 punctum
330 1238 552 1314 transeunti.
570 1242 670 1314 Nam
697 1243 781 1314 cum
806 1233 1010 1344 peripheria
1036 1247 1080 1320 fit

13 1339 14 1394 i
54 1365 56 1370 ·
129 1343 184 1416 ita
219 1339 284 1415 fibi
318 1343 460 1437 aqualis
494 1361 594 1415 uta
631 1365 854 1438 quacumque
897 1342 1081 1420 diametro

16 1529 20 1534 Ι
128 1446 251 1514 IDB
275 1443 315 1513 in
340 1440 425 1515 duos
450 1439 695 1514 semicirculos
731 1447 864 1523 ΙΑΒ,
903 1448 1004 1516 ΙΟΒ
1038 1471 1082 1516 ae-

13 1623 14 1626 ἳ
176 1544 268 1628 ales,
293 1549 328 1613 δι
352 1543 535 1712 εέυαίἰῑοῐ
561 1542 742 1616 diametro
768 1539 963 1614 infistentes
988 1541 1081 1616 divi-

13 1669 15 1746 3
150 1662 256 1726 arur,
281 1664 366 1714 nece
395 1667 415 1713 e
441 1640 491 1714 est
516 1663 558 1715 ut
580 1648 703 1736 partes
727 1647 810 1728 BS,
836 1650 870 1713 &
896 1647 972 1716 BH
998 1665 1080 1718 ran-

13 1761 15 1814 l
122 1744 242 1839 gentis
267 1763 340 1838 quae
364 1738 500 1815 duobus
525 1741 760 1818 semicirculis
786 1745 988 1817 communis
1010 1743 1081 1831 est,

122 1844 306 1937 aqualiter
330 1863 472 1938 quoque
497 1839 655 1936 respectu
680 1842 850 1919 diametri
869 1843 1079 1916 confistant.

13 1927 15 2026 i
122 1937 231 2040 Qrod
255 1939 380 2014 haberi
405 1963 479 2013 non
503 1939 617 2035 pollet
642 1943 729 2039 quin
764 1942 940 2018 diameter
977 1948 1079 2018 IDB
1174 2004 1177 2023 .

13 2031 14 2112 l
120 2036 425 2136 perpendicularis
451 2036 536 2115 effer
559 2038 606 2115 ad
631 2040 842 2144 tangentem
868 2049 994 2117 ΗΒΕ.

571 2247 659 2318 XX.

179 2438 1078 2542 HincdignoscirurquaredimidiumarcusAGB

14 2615 15 2618 ,
130 2537 173 2626 fit
198 2537 362 2614 mensura
385 2547 511 2637 anguli
537 2541 583 2614 ad
607 2541 832 2636 segmentum
852 2547 981 2613 ABS.

180 2637 325 2711 Etenim
350 2645 502 2737 angulus
528 2643 648 2711 ADB
683 2663 765 2712 cum
803 2640 992 2736 aequalibus
1018 2661 1081 2713 an-

129 2739 224 2836 gulis
248 2740 394 2831 DAB,
418 2745 538 2812 DBA
565 2747 580 2823 (
613 2760 645 2812 1·
677 2745 774 2812 Part.
796 2745 880 2814 Art.
909 2744 1037 2813 LXIV.
1065 2741 1079 2834 )

14 2911 15 2916 ,
127 2837 216 2913 duos
242 2833 359 2912 rectos
384 2838 595 2914 constituit.
621 2841 741 2938 Igitur
763 2837 955 2928 dimidium
968 2863 1082 2940 angu-

128 2939 157 3012 li
183 2943 304 3013 ADB
330 2962 413 3014 cum
439 2941 577 3040 angulo
603 2943 725 3014 DBA
751 2941 941 3015 constituit
967 2967 1080 3018 unum

14 3071 16 3096 ι
126 3036 286 3114 redium.
312 3038 377 3114 Sed
402 3045 551 3139 angulus
576 3063 713 3138 quoque
738 3045 859 3114 DBA
896 3067 978 3115 cum
1014 3067 1081 3116 an-

14 3165 18 3226 t
128 3139 217 3233 gulo
245 3145 352 3214 ABS
378 3141 488 3216 efficit
515 3163 628 3215 unum
653 3137 818 3215 ressum-
845 3144 941 3238 Ergo
967 3165 1082 3240 angu-

132 3239 185 3308 lus
211 3237 312 3314 ABS
337 3245 477 3341 aqualis
503 3244 576 3318 erit
601 3239 752 3322 dimidio
785 3245 910 3340 anguli
936 3241 1078 3316 ADB.

131 3335 443 3506 Errlgpssgrgidium
470 3369 572 3421 arcus
597 3341 715 3428 AGB
738 3344 810 3418 erit
831 3341 997 3446 mensura
1020 3364 1082 3414 an·

128 3457 211 3542 ¹gur
345 3484 355 3508 .

563 3609 566 3618 ’
678 3647 702 3712 F
934 3643 1033 3712 xxr.
