2954 4304
239 296 892 377 ELEMENTA'GEOMETRIAE.
946 323 1032 398 127,

111 428 216 480 mam
243 405 374 479 harum
399 399 670 498 superficierum
697 398 745 472 ab
770 405 804 472 A
830 399 935 500 usque
961 403 1009 478 ad
1039 421 1069 498 p

113 535 174 582 ex.
193 530 248 602 gt·
269 509 437 604 aqualem
459 497 533 570 effe.
550 494 763 594 reclangulo
792 503 887 586 cujus
912 502 1070 577 altitudo

112 609 161 682 fit
186 606 283 680 resta
306 604 446 701 aqualis
471 596 770 671 circumferentia
794 603 988 686 CK,bas1s
1009 624 1071 675 ve·-

113 733 161 782 ro
189 708 231 782 fit
267 707 406 780 summa
438 699 605 770 omnium
638 697 819 790 redlarurn
850 723 922 798 qua
959 705 1071 790 sunt,

117 829 161 882 ut
182 817 261 902 Pp,
288 803 334 876 ab
358 807 389 872 A
418 796 522 896 usque
545 797 653 896 adp,
678 799 749 874 hoc
770 797 820 876 est
837 799 937 878 tedia
958 813 1051 902 Ap·

169 914 224 980 Ut
242 905 358 997 igitur
383 897 559 974 habeatur
581 902 746 976 mensura
759 898 958 996 superficiei
977 929 999 978 a
1018 926 1073 981 to·

119 1011 192 1082 rius
211 1002 379 1098 poligoni
408 1003 636 1076 revolutione
662 997 1075 1099 produdlc,describen.
1185 1089 1190 1102 ι

122 1110 208 1182 dum
235 1102 284 1177 est
308 1098 561 1200 reflangulum
597 1108 694 1194 cujus
733 1103 820 1178 basis
854 1105 994 1204 aequalis
1028 1105 1073 1180 lit
1187 1109 1196 1136 ’·

120 1203 419 1279 circumferentia
447 1227 468 1277 a
494 1201 598 1277 radio
625 1209 702 1280 CK
728 1204 937 1303 descripta,
961 1212 996 1281 u
1020 1208 1076 1297 alf

120 1304 245 1380 titudo
270 1309 411 1406 equalis
430 1303 474 1379 fit
497 1303 679 1384 diametro
699 1311 795 1384 AB.

543 1509 668 1584 LXV.

14 1735 15 1816 ᾖ
126 1707 293 1810 Mensura
310 1704 508 1826 superficiei
524 1705 700 1808 spherica·
723 1705 984 1810 estprodudum
1001 1707 1079 1800 clici

225 1815 389 1884 mettim
425 1806 731 1907 carcumserenriam
760 1814 818 1909 sui
837 1810 979 1886 maximi

526 1911 644 1982 circuli
657 1959 667 1980 .

178 2109 350 2208 Sphaerica
376 2109 500 2188 autern
525 2109 724 2206 superficies
749 2110 856 2189 facile
893 2107 1078 2190 mensura&

128 2231 222 2288 ttrr.
267 2214 412 2288 Etenim
447 2234 589 2287 certum
633 2215 682 2290 est
718 2241 792 2314 quo
825 2216 933 2310 plura
968 2237 1078 2314 erunt

12 2349 14 2362 Α
127 2318 295 2416 poligoni
321 2318 459 2402 latera,
486 2339 530 2386 eo
558 2319 674 2417 magis
700 2341 827 2414 corpus
850 2341 893 2390 ex
912 2318 1080 2416 poligoni

126 2419 359 2491 revolutione
384 2415 550 2514 genitum
577 2416 622 2492 ad
640 2417 808 2512 sphaeram
831 2415 1024 2498 accedere,
1041 2425 1081 2491 oc

12 2597 14 2606 ¹
127 2517 463 2609 perpendicularem
487 2513 562 2587 CK
581 2514 626 2588 ad
645 2515 808 2598 radium,
835 2516 889 2586 ita
902 2515 1079 2586 utsrcon·

127 2616 201 2707 cipi
226 2611 344 2706 potest
366 2615 581 2709 poligonum
605 2615 648 2705 ‘in
685 2615 862 2691 circulum
889 2608 1080 2695 definere,

126 2709 344 2786 confiderari
381 2713 495 2798 etiam
526 2707 631 2805 poffit
659 2711 962 2807 perpendicularis
998 2714 1096 2796 CK,

128 2814 245 2888 veluti
268 2808 408 2886 radius.
435 2813 531 2906 Ergo
556 2809 754 2907 superficies
783 2806 951 2909 'sphaerica
978 2822 1077 2887 cam-

129 2913 210 2990 dem
231 2911 382 2988 habebit
403 2910 664 3000 extenfionem,
690 2937 733 2986 ac
750 2911 1001 3011 redlangulum
1019 2935 1079 2988 cu·

126 3019 180 3107 jus
203 3013 363 3091 altitudo
391 3016 434 3087 fit
459 3011 667 3100 diameter,
702 3023 737 3088 &
776 3017 864 3092 basrs
898 3016 941 3089 fit
976 3012 1076 3088 tedia
1191 3033 1194 3038 ·

125 3119 269 3214 equalis
294 3118 431 3204 circulo
454 3112 608 3207 ejusdem
644 3115 845 3203 diametri,
879 3119 942 3216 qui
979 3137 1077 3188 com-

128 3218 290 3304 muniter
326 3215 507 3304 maximus
542 3215 674 3315 sphaerae
718 3223 872 3298 circulus
916 3218 1077 3313 appella-3

128 3333 213 3389 rur.
920 3327 924 3336 '

902 3711 1030 3812 lulli
